<record><leader>00000cas a22000007a 4500</leader><controlfield tag="001">11204294</controlfield><controlfield tag="008">840927d193119uuohuwr ne      0    0eng d</controlfield><datafield ind1=" " ind2=" " tag="010"><subfield code="a">sn 84028611 </subfield></datafield><datafield ind1=" " ind2=" " tag="040"><subfield code="a">NPY</subfield><subfield code="b">eng</subfield><subfield code="c">NPY</subfield><subfield code="d">OCLCQ</subfield></datafield><datafield ind1=" " ind2=" " tag="042"><subfield code="a">msc</subfield></datafield><datafield ind1="0" ind2="0" tag="245"><subfield code="a">Broadway press.</subfield></datafield><datafield ind1=" " ind2=" " tag="260"><subfield code="a">Cleveland, Ohio :</subfield><subfield code="b">Russell Pub. Co.</subfield></datafield><datafield ind1=" " ind2=" " tag="300"><subfield code="a">v. :</subfield><subfield code="b">ill. ;</subfield><subfield code="c">43 cm.</subfield></datafield><datafield ind1=" " ind2=" " tag="310"><subfield code="a">Weekly</subfield></datafield><datafield ind1="1" ind2=" " tag="362"><subfield code="a">Began in 1931?</subfield></datafield><datafield ind1=" " ind2=" " tag="500"><subfield code="a">Published on Thursday.</subfield></datafield><datafield ind1=" " ind2=" " tag="500"><subfield code="a">"Suburban."</subfield></datafield><datafield ind1=" " ind2=" " tag="580"><subfield code="a">Published from same office: Buckeye press; Miles press; and Woodland Hills press.</subfield></datafield><datafield ind1=" " ind2=" " tag="588"><subfield code="a">Description based on: 19th year, no. 43 (Nov. 3, 1949).</subfield></datafield><datafield ind1=" " ind2=" " tag="752"><subfield code="a">United States</subfield><subfield code="b">Ohio</subfield><subfield code="c">Cuyahoga</subfield><subfield code="d">Cleveland.</subfield></datafield><datafield ind1="1" ind2=" " tag="787"><subfield code="t">Buckeye press</subfield></datafield><datafield ind1="1" ind2=" " tag="787"><subfield code="t">Miles press</subfield></datafield><datafield ind1="1" ind2=" " tag="787"><subfield code="t">Woodland Hills press</subfield></datafield></record>